@Book{Goscinny,
  author =    {Goscinny et Uderzo},
  title =        {Ast\'{e}rix et Cl\'{e}opatre},
  publisher =    {Dargaud},
  year =         {1974},
}
